

@article{Reference1,
	Abstract = {We have developed an enhanced Littrow configuration extended cavity diode laser (ECDL) that can be tuned without changing the direction of the output beam. The output of a conventional Littrow ECDL is reflected from a plane mirror fixed parallel to the tuning diffraction grating. Using a free-space Michelson wavemeter to measure the laser wavelength, we can tune the laser over a range greater than 10 nm without any alteration of alignment.},
	Author = {C. J. Hawthorn and K. P. Weber and R. E. Scholten},
	Journal = {Review of Scientific Instruments},
	Month = {December},
	Number = {12},
	Numpages = {3},
	Pages = {4477--4479},
	Title = {Littrow Configuration Tunable External Cavity Diode Laser with Fixed Direction Output Beam},
	Volume = {72},
	Url = {http://link.aip.org/link/?RSI/72/4477/1},
	Year = {2001}}


@article{Reference3,
	Abstract = {Operating a laser diode in an extended cavity which provides frequency-selective feedback is a very effective method of reducing the laser's linewidth and improving its tunability. We have developed an extremely simple laser of this type, built from inexpensive commercial components with only a few minor modifications. A 780~nm laser built to this design has an output power of 80~mW, a linewidth of 350~kHz, and it has been continuously locked to a Doppler-free rubidium transition for several days.},
	Author = {A. S. Arnold and J. S. Wilson and M. G. Boshier},
	Journal = {Review of Scientific Instruments},
	Month = {March},
	Number = {3},
	Numpages = {4},
	Pages = {1236--1239},
	Title = {A Simple Extended-Cavity Diode Laser},
	Volume = {69},
	Url = {http://link.aip.org/link/?RSI/69/1236/1},
	Year = {1998}}

@article{Reference2,
	Abstract = {We present a review of the use of diode lasers in atomic physics with an extensive list of references. We discuss the relevant characteristics of diode lasers and explain how to purchase and use them. We also review the various techniques that have been used to control and narrow the spectral outputs of diode lasers. Finally we present a number of examples illustrating the use of diode lasers in atomic physics experiments. Review of Scientific Instruments is copyrighted by The American Institute of Physics.},
	Author = {Carl E. Wieman and Leo Hollberg},
	Journal = {Review of Scientific Instruments},
	Keywords = {Diode Laser},
	Month = {January},
	Number = {1},
	Numpages = {20},
	Pages = {1--20},
	Title = {Using Diode Lasers for Atomic Physics},
	Volume = {62},
	Url = {http://link.aip.org/link/?RSI/62/1/1},
	Year = {1991}}
    
    
    
    
				%Radio Astronomy References
    			%##########################
                

                
@article{offringa2010post,
  title={Post-correlation radio frequency interference classification methods},
  author={Offringa, AR and de Bruyn, AG and Biehl, M and Zaroubi, S and Bernardi, G and Pandey, VN},
  journal={Monthly Notices of the Royal Astronomical Society},
  volume={405},
  number={1},
  pages={155--167},
  year={2010},
  publisher={Oxford University Press}
}


@book{thompson1994interferometry,
  title={Interferometry and Synthesis in Radio Astronomy},
  author={Thompson, A.R. and Moran, J.M. and Swenson, G.W.},
  isbn={9780894648595},
  url={http://books.google.co.za/books?id=FyzvAAAACAAJ},
  year={1994},
  publisher={Krieger Publishing Company}
}
@misc{waldrop2015no,
  title={NO DRIVERS REQUIRED},
  author={Waldrop, M Mitchell and others},
  year={2015},
  publisher={NATURE PUBLISHING GROUP MACMILLAN BUILDING, 4 CRINAN ST, LONDON N1 9XW, ENGLAND}
}

@inproceedings{taigman2014deepface,
  title={Deepface: Closing the gap to human-level performance in face verification},
  author={Taigman, Yaniv and Yang, Ming and Ranzato, Marc'Aurelio and Wolf, Lior},
  booktitle={Proceedings of the IEEE Conference on Computer Vision and Pattern Recognition},
  pages={1701--1708},
  year={2014}
}

@book{wilson2009tools,
  title={Tools of radio astronomy},
  author={Wilson, Thomas L and Rohlfs, Kristen and H{\"u}ttemeister, Susanne},
  volume={86},
  year={2009},
  publisher={Springer}
}

@book{offringa2012algorithms,
  title={Algorithms for radio interference detection and removal},
  author={Offringa, Anne Ren{\'e}},
  year={2012},
  publisher={University Library Groningen][Host]}
}
                      %######
                      %Papers


@article{van2009radio,
  title={Radio quiet, please!--protecting radio astronomy from interference},
  author={Van Driel, W},
  journal={Proceedings of the International Astronomical Union},
  volume={5},
  number={S260},
  pages={457--464},
  year={2009},
  publisher={Cambridge Univ Press}
}


@article{fridman2005radio,
  title={Radio frequency interference mitigation with phase-only adaptive beam forming},
  author={Fridman, PA},
  journal={Radio science},
  volume={40},
  number={5},
  year={2005},
  publisher={Wiley Online Library}
}


@article{ekers2000radio,
  title={Radio frequency interference},
  author={Ekers, RD and Bell, JF},
  journal={arXiv preprint astro-ph/0002515},
  year={2000}
}

@article{fridman2001rfi,
  title={$ RFI $ mitigation methods in radio astronomy},
  author={Fridman, PA and Baan, WA},
  journal={Astronomy \& Astrophysics},
  volume={378},
  number={1},
  pages={327--344},
  year={2001},
  publisher={EDP Sciences}
}

@article{series2013techniques,
  title={Techniques for mitigation of radio frequency interference in radio astronomy},
  author={Series, RA},
  year={2013}
}

				%Websites
				%########
                
@ONLINE{VLAWashingtonPost,
author = {Joe Holley},
title = {Hein Hvatum, 85; Engineered Telescope to the Heavens},
month = May,
year = {2008},
url = {http://www.washingtonpost.com/wp-dyn/content/article/2008/05/28/AR2008052803211.html}
}
@ONLINE{amazon,
title = {Amazon},
url = {http://www.amazon.com}
}

@ONLINE{neuralnetworkswebsite,
title = {Neural Networks and Deep Learning},
url = {http://neuralnetworksanddeeplearning.com/chap2.html}
}



@ONLINE{backpropagationImage,
title = {Back-propagation},
url = {https://theclevermachine.wordpress.com/2014/09/06/derivation-error-backpropagation-gradient-descent-for-neural-networks/}
}

				%Machine Learning Sources
                %########################
                
                
                
@article{witten1999weka,
  title={Weka: Practical machine learning tools and techniques with Java implementations},
  author={Witten, Ian H and Frank, Eibe and Trigg, Leonard E and Hall, Mark A and Holmes, Geoffrey and Cunningham, Sally Jo},
  year={1999}
}

@book{hastie2009elements,
  title={The elements of statistical learning},
  author={Hastie, Trevor and Tibshirani, Robert and Friedman, Jerome and Hastie, T and Friedman, J and Tibshirani, R},
  volume={2},
  number={1},
  year={2009},
  publisher={Springer}
}

@book{harrington2012machine,
  title={Machine learning in action},
  author={Harrington, Peter},
  year={2012},
  publisher={Manning Publications Co.}
}

@book{duda1999pattern,
  title={Pattern classification},
  author={Duda, Richard O and Hart, Peter E and Stork, David G},
  year={1999},
  publisher={John Wiley \& Sons,}
}
@misc{vladimir1998learning,
  title={Learning from data—Concepts, theory, and methods},
  author={Vladimir, C and Filip, M},
  year={1998},
  publisher={Wiley Inter-Science, ISBN: 0-471-15493-8, USA}
}


@book{scholkopf2002learning,
  title={Learning with kernels: support vector machines, regularization, optimization, and beyond},
  author={Sch{\"o}lkopf, Bernhard and Smola, Alexander J},
  year={2002},
  publisher={MIT press}
}

@book{kecman2001learning,
  title={Learning and soft computing: support vector machines, neural networks, and fuzzy logic models},
  author={Kecman, Vojislav},
  year={2001},
  publisher={MIT press}
}

@book{cherkassky2007learning,
  title={Learning from data: concepts, theory, and methods},
  author={Cherkassky, Vladimir and Mulier, Filip M},
  year={2007},
  publisher={John Wiley \& Sons}
}

@book{alpaydin2004introduction,
  title={Introduction to machine learning},
  author={Alpaydin, Ethem},
  year={2004},
  publisher={MIT press}
}

@article{smola2000sparse,
  title={Sparse greedy matrix approximation for machine learning},
  author={Smola, Alex J and Sch{\"o}lkopf, Bernhard},
  year={2000},
  publisher={Citeseer}
}

@article{rasmussen2006gaussian,
  title={Gaussian processes for machine learning},
  author={Rasmussen, Carl Edward},
  year={2006},
  publisher={Citeseer}
}

@book{sammut2011encyclopedia,
  title={Encyclopedia of machine learning},
  author={Sammut, Claude and Webb, Geoffrey I},
  year={2011},
  publisher={Springer}
}

@inproceedings{salakhutdinov2009deep,
  title={Deep Boltzmann Machines.},
  author={Salakhutdinov, Ruslan and Hinton, Geoffrey E},
  booktitle={AISTATS},
  volume={1},
  pages={3},
  year={2009}
}

					%#####
                    %Papers
                    
@article{hinton2006reducing,
  title={Reducing the dimensionality of data with neural networks},
  author={Hinton, Geoffrey E and Salakhutdinov, Ruslan R},
  journal={Science},
  volume={313},
  number={5786},
  pages={504--507},
  year={2006},
  publisher={American Association for the Advancement of Science}
}
                    
                    
@article{biswas2013application,
  title={Application of machine learning algorithms to the study of noise artifacts in gravitational-wave data},
  author={Biswas, Rahul and Blackburn, Lindy and Cao, Junwei and Essick, Reed and Hodge, Kari Alison and Katsavounidis, Erotokritos and Kim, Kyungmin and Kim, Young-Min and Le Bigot, Eric-Olivier and Lee, Chang-Hwan and others},
  journal={Physical Review D},
  volume={88},
  number={6},
  pages={062003},
  year={2013},
  publisher={APS}
}

@article{domingos2012few,
  title={A few useful things to know about machine learning},
  author={Domingos, Pedro},
  journal={Communications of the ACM},
  volume={55},
  number={10},
  pages={78--87},
  year={2012},
  publisher={ACM}
}

@article{bloom2011data,
  title={Data Mining and Machine-Learning in Time-Domain Discovery \& Classification},
  author={Bloom, J and Richards, J},
  journal={Advances in Machine Learning and Data Mining for Astronomy},
  year={2011}
}

@article{doran2013characterizing,
  title={Characterizing Interference in Radio Astronomy Observations through Active and Unsupervised Learning},
  author={Doran, Gary},
  year={2013}
}       


@article{ball2010data,
  title={Data mining and machine learning in astronomy},
  author={Ball, Nicholas M and Brunner, Robert J},
  journal={International Journal of Modern Physics D},
  volume={19},
  number={07},
  pages={1049--1106},
  year={2010},
  publisher={World Scientific}
}

@incollection{schalkwyk2010your,
  title={“Your Word is my Command”: Google Search by Voice: A Case Study},
  author={Schalkwyk, Johan and Beeferman, Doug and Beaufays, Fran{\c{c}}oise and Byrne, Bill and Chelba, Ciprian and Cohen, Mike and Kamvar, Maryam and Strope, Brian},
  booktitle={Advances in Speech Recognition},
  pages={61--90},
  year={2010},
  publisher={Springer}
}

@incollection{wang2010detecting,
  title={Detecting spam bots in online social networking sites: a machine learning approach},
  author={Wang, Alex Hai},
  booktitle={Data and Applications Security and Privacy XXIV},
  pages={335--342},
  year={2010},
  publisher={Springer}
}

@article{lecun2007mnist,
  title={The MNIST database},
  author={LeCun, Yann and Cortes, Corinna},
  journal={Tomado en octubre de},
  year={2007}
}


@MISC{Wolpert96thelack,
    author = {David H. Wolpert},
    title = {The Lack of A Priori Distinctions Between Learning Algorithms},
    year = {1996}
}

@inproceedings{davis2006relationship,
  title={The relationship between Precision-Recall and ROC curves},
  author={Davis, Jesse and Goadrich, Mark},
  booktitle={Proceedings of the 23rd international conference on Machine learning},
  pages={233--240},
  year={2006},
  organization={ACM}
}

@incollection{sokolova2006beyond,
  title={Beyond accuracy, F-score and ROC: a family of discriminant measures for performance evaluation},
  author={Sokolova, Marina and Japkowicz, Nathalie and Szpakowicz, Stan},
  booktitle={AI 2006: Advances in Artificial Intelligence},
  pages={1015--1021},
  year={2006},
  publisher={Springer}
}


@article{fawcett2006introduction,
  title={An introduction to ROC analysis},
  author={Fawcett, Tom},
  journal={Pattern recognition letters},
  volume={27},
  number={8},
  pages={861--874},
  year={2006},
  publisher={Elsevier}
}




							%Websites
                            
@online{Siri,
  title = {Siri},
  year = {2014},
  url = {https://www.apple.com/ios/siri/},
  urldate = {2014-10-04}
}


@online{neuralnetworkinitialization,
  title = {Neural Network Initialization},
  year = {2014},
  url = {https://cs231n.github.io/neural-networks-2/},
  urldate = {2016-08-08}
}


@online{featureScaling,
  title = {Feature Scaling},
  year = {2016},
  url = {http://openclassroom.stanford.edu/MainFolder/VideoPage.php?course=MachineLearning&video=03.1-LinearRegressionII-FeatureScaling&speed=100/},
  urldate = {2016-08-08}
}
                        %NEURAL NETWORKS
                          %###############                        
                          %Textbooks
                          %#########
                          
                          
@book{barber2012bayesian,
  title={Bayesian reasoning and machine learning},
  author={Barber, David},
  year={2012},
  publisher={Cambridge University Press}
}
                          
@book{bishop2006pattern,
  title={Pattern recognition and machine learning},
  author={Bishop, Christopher M and others},
  volume={1},
  year={2006},
  publisher={springer New York}
}
@book{rojas1996neural,
  title={Neural networks: a systematic introduction},
  author={Rojas, Ra{\'u}l},
  year={1996},
  publisher={Springer}
}
@article{haykin2004comprehensive,
  title={A comprehensive foundation},
  author={Haykin, Simon and Network, Neural},
  journal={Neural Networks},
  volume={2},
  number={2004},
  year={2004}
}    
@book{kasabov1996foundations,
  title={Foundations of neural networks, fuzzy systems, and knowledge engineering},
  author={Kasabov, Nikola K},
  year={1996},
  publisher={Marcel Alencar}
}
@article{russell1995modern,
  title={A modern approach},
  author={Russell, Stuart and Norvig, Peter and Intelligence, Artificial},
  journal={Artificial Intelligence. Prentice-Hall, Egnlewood Cliffs},
  volume={25},
  year={1995},
  publisher={Citeseer}
}
@article{krose1993introduction,
  title={An introduction to neural networks},
  author={Kr{\"o}se, Ben and Krose, Ben and van der Smagt, Patrick and Smagt, Patrick},
  year={1993},
  publisher={Citeseer}
}
@book{peretto1992introduction,
  title={An introduction to the modeling of neural networks},
  author={Peretto, Pierre},
  volume={2},
  year={1992},
  publisher={Cambridge University Press}
}

@book{bar1997dynamics,
  title={Dynamics of complex systems},
  author={Bar-Yam, Yaneer},
  volume={213},
  year={1997},
  publisher={Addison-Wesley Reading, MA}
}
                          %Papers
                          %#########
@article{gershenson2003artificial,
  title={Artificial neural networks for beginners},
  author={Gershenson, Carlos},
  journal={arXiv preprint cs/0308031},
  year={2003}
}                          
                          
@article{caudill1987neural,
  title={Neural networks primer, part I},
  author={Caudill, Maureen},
  journal={AI expert},
  volume={2},
  number={12},
  pages={46--52},
  year={1987},
  publisher={Miller Freeman, Inc.}
}

                          
@article{mcculloch1943logical,
  title={A logical calculus of the ideas immanent in nervous activity},
  author={McCulloch, Warren S and Pitts, Walter},
  journal={The bulletin of mathematical biophysics},
  volume={5},
  number={4},
  pages={115--133},
  year={1943},
  publisher={Springer}
}                          

@article{mcclelland1986parallel,
  title={Parallel distributed processing},
  author={McClelland, James L and Rumelhart, David E and PDP Research Group and others},
  journal={Explorations in the microstructure of cognition},
  volume={2},
  year={1986}
}
                          
                          
@article{damianrolf,
  title={Rolf Pfeifer Dana Damian Rudolf F{\"u}chslin},
  author={Damian, Dana}
}


@article{mo2012survey,
  title={A Survey on deep learning: one small step toward AI},
  author={Mo, Dandan},
  journal={Dept. Computer Science, Univ. of New Mexico, USA},
  year={2012}
}

@article{bengio2007scaling,
  title={Scaling learning algorithms towards AI},
  author={Bengio, Yoshua and LeCun, Yann and others},
  journal={Large-scale kernel machines},
  volume={34},
  number={5},
  year={2007}
}

@article{minsky1969perceptrons,
  title={Perceptrons.},
  author={Minsky, Marvin and Seymour, Papert},
  year={1969},
  publisher={MIT press}
}

@article{haffner1998high,
  title={High quality document image compression with “DjVu”},
  author={Haffner, Patrick and Howard, Paul G and Simard, Patrice and Bengio, Yoshua and Lecun, Yann and others},
  journal={Journal of Electronic Imaging},
  volume={7},
  number={3},
  pages={410--425},
  year={1998},
  publisher={International Society for Optics and Photonics}
}


@article{lecun2015deep,
  title={Deep learning},
  author={LeCun, Yann and Bengio, Yoshua and Hinton, Geoffrey},
  journal={Nature},
  volume={521},
  number={7553},
  pages={436--444},
  year={2015},
  publisher={Nature Publishing Group}
}

@article{riess1998observational,
  title={Observational evidence from supernovae for an accelerating universe and a cosmological constant},
  author={Riess, Adam G and Filippenko, Alexei V and Challis, Peter and Clocchiatti, Alejandro and Diercks, Alan and Garnavich, Peter M and Gilliland, Ron L and Hogan, Craig J and Jha, Saurabh and Kirshner, Robert P and others},
  journal={The Astronomical Journal},
  volume={116},
  number={3},
  pages={1009},
  year={1998},
  publisher={IOP Publishing}
}

@article{perlmutter1999measurements,
  title={Measurements of $\Omega$ and $\Lambda$ from 42 high-redshift supernovae},
  author={Perlmutter, Saul and Aldering, G and Goldhaber, G and Knop, RA and Nugent, P and Castro, PG and Deustua, S and Fabbro, S and Goobar, A and Groom, DE and others},
  journal={The Astrophysical Journal},
  volume={517},
  number={2},
  pages={565},
  year={1999},
  publisher={IOP Publishing}
}

@article{bengio2009learning,
  title={Learning deep architectures for AI},
  author={Bengio, Yoshua},
  journal={Foundations and trends{\textregistered} in Machine Learning},
  volume={2},
  number={1},
  pages={1--127},
  year={2009},
  publisher={Now Publishers Inc.}
}

@article{lecun1995convolutional,
  title={Convolutional networks for images, speech, and time series},
  author={LeCun, Yann and Bengio, Yoshua},
  journal={The handbook of brain theory and neural networks},
  volume={3361},
  pages={310},
  year={1995},
  publisher={Cambridge, MA: MIT Press}
}

@article{hinton2006fast,
  title={A fast learning algorithm for deep belief nets},
  author={Hinton, Geoffrey and Osindero, Simon and Teh, Yee-Whye},
  journal={Neural computation},
  volume={18},
  number={7},
  pages={1527--1554},
  year={2006},
  publisher={MIT Press}
}

@article{ackley1985learning,
  title={A learning algorithm for boltzmann machines*},
  author={Ackley, David H and Hinton, Geoffrey E and Sejnowski, Terrence J},
  journal={Cognitive science},
  volume={9},
  number={1},
  pages={147--169},
  year={1985},
  publisher={Wiley Online Library}
}

@article{hinton2010practical,
  title={A practical guide to training restricted Boltzmann machines},
  author={Hinton, Geoffrey},
  journal={Momentum},
  volume={9},
  number={1},
  pages={926},
  year={2010}
}

@article{bengio2007greedy,
  title={Greedy layer-wise training of deep networks},
  author={Bengio, Yoshua and Lamblin, Pascal and Popovici, Dan and Larochelle, Hugo and others},
  journal={Advances in neural information processing systems},
  volume={19},
  pages={153},
  year={2007},
  publisher={MIT; 1998}
}

@inproceedings{simard2003best,
  title={Best practices for convolutional neural networks applied to visual document analysis},
  author={Simard, Patrice Y and Steinkraus, Dave and Platt, John C},
  booktitle={2013 12th International Conference on Document Analysis and Recognition},
  volume={2},
  pages={958--958},
  year={2003},
  organization={IEEE Computer Society}
}

@inproceedings{karnowski2010deep,
  title={Deep spatiotemporal feature learning with application to image classification},
  author={Karnowski, Thomas P and Arel, Itamar and Rose, Derek},
  booktitle={Machine Learning and Applications (ICMLA), 2010 Ninth International Conference on},
  pages={883--888},
  year={2010},
  organization={IEEE}
}

@inproceedings{le2013building,
  title={Building high-level features using large scale unsupervised learning},
  author={Le, Quoc V},
  booktitle={Acoustics, Speech and Signal Processing (ICASSP), 2013 IEEE International Conference on},
  pages={8595--8598},
  year={2013},
  organization={IEEE}
}

@article{ji20133d,
  title={3D convolutional neural networks for human action recognition},
  author={Ji, Shuiwang and Xu, Wei and Yang, Ming and Yu, Kai},
  journal={Pattern Analysis and Machine Intelligence, IEEE Transactions on},
  volume={35},
  number={1},
  pages={221--231},
  year={2013},
  publisher={IEEE}
}

@article{chen2014big,
  title={Big Data Deep Learning: Challenges and Perspectives},
  author={Chen, X and Lin, XIAOTONG},
  year={2014},
  publisher={IEEE}
}

@article{goyal2014object,
  title={Object Recognition Using Deep Neural Networks: A Survey},
  author={Goyal, Soren and Benjamin, Paul},
  journal={arXiv preprint arXiv:1412.3684},
  year={2014}
}


@article{dengthree,
  title={Three Classes of Deep Learning Architectures and Their Applications: A Tutorial Survey},
  author={Deng, Li}
}

@inproceedings{lecun2010convolutional,
  title={Convolutional networks and applications in vision},
  author={LeCun, Yann and Kavukcuoglu, Koray and Farabet, Cl{\'e}ment},
  booktitle={Circuits and Systems (ISCAS), Proceedings of 2010 IEEE International Symposium on},
  pages={253--256},
  year={2010},
  organization={IEEE}
}

@inproceedings{sainath2013learning,
  title={Learning filter banks within a deep neural network framework},
  author={Sainath, Tara N and Kingsbury, Brian and Mohamed, Abdel-rahman and Ramabhadran, Bhuvana},
  booktitle={Automatic Speech Recognition and Understanding (ASRU), 2013 IEEE Workshop on},
  pages={297--302},
  year={2013},
  organization={IEEE}
}

@inproceedings{abdel2012applying,
  title={Applying convolutional neural networks concepts to hybrid NN-HMM model for speech recognition},
  author={Abdel-Hamid, Ossama and Mohamed, Abdel-rahman and Jiang, Hui and Penn, Gerald},
  booktitle={2012 IEEE international conference on Acoustics, speech and signal processing (ICASSP)},
  pages={4277--4280},
  year={2012},
  organization={IEEE}
}

@article{simonyan2014very,
  title={Very deep convolutional networks for large-scale image recognition},
  author={Simonyan, Karen and Zisserman, Andrew},
  journal={arXiv preprint arXiv:1409.1556},
  year={2014}
}

@inproceedings{donahue2014decaf,
  title={DeCAF: A Deep Convolutional Activation Feature for Generic Visual Recognition.},
  author={Donahue, Jeff and Jia, Yangqing and Vinyals, Oriol and Hoffman, Judy and Zhang, Ning and Tzeng, Eric and Darrell, Trevor},
  booktitle={ICML},
  pages={647--655},
  year={2014}
}


@article{bengio2009advances,
  title={Advances in Neural Information Processing Systems 22},
  author={Bengio, Yoshua and Schuurmans, Dale and Lafferty, John and Williams, Chris and Culotta, Aron and others},
  year={2009},
  publisher={Neural Information Processing Systems Foundation}
}

@inproceedings{krizhevsky2012imagenet,
  title={Imagenet classification with deep convolutional neural networks},
  author={Krizhevsky, Alex and Sutskever, Ilya and Hinton, Geoffrey E},
  booktitle={Advances in neural information processing systems},
  pages={1097--1105},
  year={2012}
}




@inproceedings{ciresan2012multi,
  title={Multi-column deep neural networks for image classification},
  author={Ciresan, Dan and Meier, Ueli and Schmidhuber, J{\"u}rgen},
  booktitle={Computer Vision and Pattern Recognition (CVPR), 2012 IEEE Conference on},
  pages={3642--3649},
  year={2012},
  organization={IEEE}
}

@article{farfade2015multi,
  title={Multi-view Face Detection Using Deep Convolutional Neural Networks},
  author={Farfade, Sachin Sudhakar and Saberian, Mohammad and Li, Li-Jia},
  journal={arXiv preprint arXiv:1502.02766},
  year={2015}
}

@article{liu2014deep,
  title={Deep Learning Face Attributes in the Wild},
  author={Liu, Ziwei and Luo, Ping and Wang, Xiaogang and Tang, Xiaoou},
  journal={arXiv preprint arXiv:1411.7766},
  year={2014}
}

@article{yang2015deep,
  title={Deep Neural Networks for Sketch Recognition},
  author={Yang, Yongxin and Hospedales, Timothy M},
  journal={arXiv preprint arXiv:1501.07873},
  year={2015}
}

@article{lowe2004distinctive,
  title={Distinctive image features from scale-invariant keypoints},
  author={Lowe, David G},
  journal={International journal of computer vision},
  volume={60},
  number={2},
  pages={91--110},
  year={2004},
  publisher={Springer}
}

@inproceedings{dalal2005histograms,
  title={Histograms of oriented gradients for human detection},
  author={Dalal, Navneet and Triggs, Bill},
  booktitle={Computer Vision and Pattern Recognition, 2005. CVPR 2005. IEEE Computer Society Conference on},
  volume={1},
  pages={886--893},
  year={2005},
  organization={IEEE}
}

@inproceedings{sivic2003video,
  title={Video Google: A text retrieval approach to object matching in videos},
  author={Sivic, Josef and Zisserman, Andrew},
  booktitle={Computer Vision, 2003. Proceedings. Ninth IEEE International Conference on},
  pages={1470--1477},
  year={2003},
  organization={IEEE}
}

@incollection{perronnin2010improving,
  title={Improving the fisher kernel for large-scale image classification},
  author={Perronnin, Florent and S{\'a}nchez, Jorge and Mensink, Thomas},
  booktitle={Computer Vision--ECCV 2010},
  pages={143--156},
  year={2010},
  publisher={Springer}
}

@incollection{lecun2012efficient,
  title={Efficient backprop},
  author={LeCun, Yann A and Bottou, L{\'e}on and Orr, Genevieve B and M{\"u}ller, Klaus-Robert},
  booktitle={Neural networks: Tricks of the trade},
  pages={9--48},
  year={2012},
  publisher={Springer}
}

@article{hinton2012improving,
  title={Improving neural networks by preventing co-adaptation of feature detectors},
  author={Hinton, Geoffrey E and Srivastava, Nitish and Krizhevsky, Alex and Sutskever, Ilya and Salakhutdinov, Ruslan R},
  journal={arXiv preprint arXiv:1207.0580},
  year={2012}
}

@article{gabor1946theory,
  title={Theory of communication. Part 1: The analysis of information},
  author={Gabor, Dennis},
  journal={Journal of the Institution of Electrical Engineers-Part III: Radio and Communication Engineering},
  volume={93},
  number={26},
  pages={429--441},
  year={1946},
  publisher={IET}
}

@article{chatfield2014return,
  title={Return of the devil in the details: Delving deep into convolutional nets},
  author={Chatfield, Ken and Simonyan, Karen and Vedaldi, Andrea and Zisserman, Andrew},
  journal={arXiv preprint arXiv:1405.3531},
  year={2014}
}

@article{payan2015predicting,
  title={Predicting Alzheimer's disease: a neuroimaging study with 3D convolutional neural networks},
  author={Payan, Adrien and Montana, Giovanni},
  journal={arXiv preprint arXiv:1502.02506},
  year={2015}
}

@article{baker2009variability,
  title={Variability in word duration as a function of probability, speech style, and prosody},
  author={Baker, Rachel E and Bradlow, Ann R},
  journal={Language and speech},
  volume={52},
  number={4},
  pages={391--413},
  year={2009},
  publisher={Sage Publications}
}

@incollection{bengio2012practical,
  title={Practical recommendations for gradient-based training of deep architectures},
  author={Bengio, Yoshua},
  booktitle={Neural Networks: Tricks of the Trade},
  pages={437--478},
  year={2012},
  publisher={Springer}
}
@inproceedings{poultney2006efficient,
  title={Efficient learning of sparse representations with an energy-based model},
  author={Poultney, Christopher and Chopra, Sumit and Cun, Yann L and others},
  booktitle={Advances in neural information processing systems},
  pages={1137--1144},
  year={2006}
}

@inproceedings{glorot2010understanding,
  title={Understanding the difficulty of training deep feedforward neural networks},
  author={Glorot, Xavier and Bengio, Yoshua},
  booktitle={International conference on artificial intelligence and statistics},
  pages={249--256},
  year={2010}
}


@inproceedings{jarrett2009best,
  title={What is the best multi-stage architecture for object recognition?},
  author={Jarrett, Kevin and Kavukcuoglu, Koray and Ranzato, M and LeCun, Yann},
  booktitle={Computer Vision, 2009 IEEE 12th International Conference on},
  pages={2146--2153},
  year={2009},
  organization={IEEE}
}


@article{erhan2010does,
  title={Why does unsupervised pre-training help deep learning?},
  author={Erhan, Dumitru and Bengio, Yoshua and Courville, Aaron and Manzagol, Pierre-Antoine and Vincent, Pascal and Bengio, Samy},
  journal={The Journal of Machine Learning Research},
  volume={11},
  pages={625--660},
  year={2010},
  publisher={JMLR. org}
}

@incollection{masci2011stacked,
  title={Stacked convolutional auto-encoders for hierarchical feature extraction},
  author={Masci, Jonathan and Meier, Ueli and Cire{\c{s}}an, Dan and Schmidhuber, J{\"u}rgen},
  booktitle={Artificial Neural Networks and Machine Learning--ICANN 2011},
  pages={52--59},
  year={2011},
  publisher={Springer}
}


@book{witten2005data,
  title={Data Mining: Practical machine learning tools and techniques},
  author={Witten, Ian H and Frank, Eibe},
  year={2005},
  publisher={Morgan Kaufmann}
}


@book{flach2012machine,
  title={Machine learning: the art and science of algorithms that make sense of data},
  author={Flach, Peter},
  year={2012},
  publisher={Cambridge University Press}
}

@inproceedings{mannor2005cross,
  title={The cross entropy method for classification},
  author={Mannor, Shie and Peleg, Dori and Rubinstein, Reuven},
  booktitle={Proceedings of the 22nd international conference on Machine learning},
  pages={561--568},
  year={2005},
  organization={ACM}
}

@article{hothorn2003double,
  title={Double-bagging: Combining classifiers by bootstrap aggregation},
  author={Hothorn, Torsten and Lausen, Berthold},
  journal={Pattern Recognition},
  volume={36},
  number={6},
  pages={1303--1309},
  year={2003},
  publisher={Elsevier}
}

@inproceedings{das2007google,
  title={Google news personalization: scalable online collaborative filtering},
  author={Das, Abhinandan S and Datar, Mayur and Garg, Ashutosh and Rajaram, Shyam},
  booktitle={Proceedings of the 16th international conference on World Wide Web},
  pages={271--280},
  year={2007},
  organization={ACM}
}

@article{caudill1989neural,
  title={Neural nets primer, part VI},
  author={Caudill, Maureen},
  journal={AI Expert},
  volume={4},
  number={2},
  pages={61--67},
  year={1989},
  publisher={Miller Freeman, Inc.}
}

@incollection{kurzweil2014singularity,
  title={The singularity is near},
  author={Kurzweil, Ray},
  booktitle={Ethics and Emerging Technologies},
  pages={393--406},
  year={2014},
  publisher={Springer}
}

@incollection{NIPS2012_4824,
title = {ImageNet Classification with Deep Convolutional Neural Networks},
author = {Alex Krizhevsky and Sutskever, Ilya and Geoffrey E. Hinton},
booktitle = {Advances in Neural Information Processing Systems 25},
editor = {F. Pereira and C. J. C. Burges and L. Bottou and K. Q. Weinberger},
pages = {1097--1105},
year = {2012},
publisher = {Curran Associates, Inc.},
url = {http://papers.nips.cc/paper/4824-imagenet-classification-with-deep-convolutional-neural-networks.pdf}
}

@inproceedings{ba2014deep,
  title={Do deep nets really need to be deep?},
  author={Ba, Jimmy and Caruana, Rich},
  booktitle={Advances in neural information processing systems},
  pages={2654--2662},
  year={2014}
}

@article{romero2014fitnets,
  title={Fitnets: Hints for thin deep nets},
  author={Romero, Adriana and Ballas, Nicolas and Kahou, Samira Ebrahimi and Chassang, Antoine and Gatta, Carlo and Bengio, Yoshua},
  journal={arXiv preprint arXiv:1412.6550},
  year={2014}
}

@article{hornik1991approximation,
  title={Approximation capabilities of multilayer feedforward networks},
  author={Hornik, Kurt},
  journal={Neural networks},
  volume={4},
  number={2},
  pages={251--257},
  year={1991},
  publisher={Elsevier}
}


@article{hornik1989multilayer,
  title={Multilayer feedforward networks are universal approximators},
  author={Hornik, Kurt and Stinchcombe, Maxwell and White, Halbert},
  journal={Neural networks},
  volume={2},
  number={5},
  pages={359--366},
  year={1989},
  publisher={Elsevier}
}

@article{williams1986learning,
  title={Learning representations by back-propagating errors},
  author={Williams, DRGHR and Hinton, GE},
  journal={Nature},
  volume={323},
  pages={533--536},
  year={1986}
}

@article{ioffe2015batch,
  title={Batch normalization: Accelerating deep network training by reducing internal covariate shift},
  author={Ioffe, Sergey and Szegedy, Christian},
  journal={arXiv preprint arXiv:1502.03167},
  year={2015}
}

@inproceedings{nair2010rectified,
  title={Rectified linear units improve restricted boltzmann machines},
  author={Nair, Vinod and Hinton, Geoffrey E},
  booktitle={Proceedings of the 27th International Conference on Machine Learning (ICML-10)},
  pages={807--814},
  year={2010}
}

@article{krizhevsky2009learning,
  title={Learning multiple layers of features from tiny images},
  author={Krizhevsky, Alex and Hinton, Geoffrey},
  year={2009},
  publisher={Citeseer}
}


@inproceedings{wang2013augem,
  title={AUGEM: automatically generate high performance dense linear algebra kernels on x86 CPUs},
  author={Wang, Qian and Zhang, Xianyi and Zhang, Yunquan and Yi, Qing},
  booktitle={Proceedings of the International Conference on High Performance Computing, Networking, Storage and Analysis},
  pages={25},
  year={2013},
  organization={ACM}
}


@misc{cuda,
  added-at = {2011-05-06T13:22:35.000+0200},
  author = {{NVIDIA Corporation}},
  biburl = {http://www.bibsonomy.org/bibtex/2e90a6474d85eac083c921cf5be29f6ef/toevanen},
  interhash = {b29ebbf94430d6d1720b5562b86f6a32},
  intrahash = {e90a6474d85eac083c921cf5be29f6ef},
  keywords = {CUDA},
  note = {Version 3.2},
  timestamp = {2011-05-06T13:36:56.000+0200},
  title = {{NVIDIA CUDA C} Programming Guide},
  year = 2010
}

@ARTICLE{2016arXiv160502688short,
   author = {{Theano Development Team}},
    title = "{Theano: A {Python} framework for fast computation of mathematical expressions}",
  journal = {arXiv e-prints},
   volume = {abs/1605.02688},
 primaryClass = "cs.SC",
 keywords = {Computer Science - Symbolic Computation, Computer Science - Learning, Computer Science - Mathematical Software},
     year = 2016,
    month = may,
      url = {http://arxiv.org/abs/1605.02688},
}

@article{chatfield2015fly,
  title={On-the-fly learning for visual search of large-scale image and video datasets},
  author={Chatfield, Ken and Arandjelovi{\'c}, Relja and Parkhi, Omkar and Zisserman, Andrew},
  journal={International journal of multimedia information retrieval},
  volume={4},
  number={2},
  pages={75--93},
  year={2015},
  publisher={Springer}
}

@article{lintott2008galaxy,
  title={Galaxy Zoo: morphologies derived from visual inspection of galaxies from the Sloan Digital Sky Survey},
  author={Lintott, Chris J and Schawinski, Kevin and Slosar, An{\v{z}}e and Land, Kate and Bamford, Steven and Thomas, Daniel and Raddick, M Jordan and Nichol, Robert C and Szalay, Alex and Andreescu, Dan and others},
  journal={Monthly Notices of the Royal Astronomical Society},
  volume={389},
  number={3},
  pages={1179--1189},
  year={2008},
  publisher={Oxford University Press}
}

@article{alard1998method,
  title={A method for optimal image subtraction},
  author={Alard, Ch and Lupton, Robert H},
  journal={The Astrophysical Journal},
  volume={503},
  number={1},
  pages={325},
  year={1998},
  publisher={IOP Publishing}
}

@article{stoughton2002sloan,
  title={Sloan digital sky survey: early data release},
  author={Stoughton, Chris and Lupton, Robert H and Bernardi, Mariangela and Blanton, Michael R and Burles, Scott and Castander, Francisco J and Connolly, AJ and Eisenstein, Daniel J and Frieman, Joshua A and Hennessy, GS and others},
  journal={The Astronomical Journal},
  volume={123},
  number={1},
  pages={485},
  year={2002},
  publisher={IOP Publishing}
}

@misc{deng2012imagenet,
  title={Imagenet large scale visual recognition competition 2012 (ILSVRC2012)},
  author={Deng, Jia and Berg, Alex and Satheesh, Sanjeev and Su, H and Khosla, Aditya and Fei-Fei, L},
  year={2012}
}


@article{wu2015towards,
  title={Towards dropout training for convolutional neural networks},
  author={Wu, Haibing and Gu, Xiaodong},
  journal={Neural Networks},
  volume={71},
  pages={1--10},
  year={2015},
  publisher={Elsevier}
}


@inproceedings{bergstra2010theano,
  title={Theano: A CPU and GPU math compiler in Python},
  author={Bergstra, James and Breuleux, Olivier and Bastien, Fr{\'e}d{\'e}ric and Lamblin, Pascal and Pascanu, Razvan and Desjardins, Guillaume and Turian, Joseph and Warde-Farley, David and Bengio, Yoshua},
  booktitle={Proc. 9th Python in Science Conf},
  pages={1--7},
  year={2010}
}

@article{bastien2012theano,
  title={Theano: new features and speed improvements},
  author={Bastien, Fr{\'e}d{\'e}ric and Lamblin, Pascal and Pascanu, Razvan and Bergstra, James and Goodfellow, Ian and Bergeron, Arnaud and Bouchard, Nicolas and Warde-Farley, David and Bengio, Yoshua},
  journal={arXiv preprint arXiv:1211.5590},
  year={2012}
}

@inproceedings{dahl2011large,
  title={Large vocabulary continuous speech recognition with context-dependent DBN-HMMs},
  author={Dahl, George E and Yu, Dong and Deng, Li and Acero, Alex},
  booktitle={2011 IEEE international conference on acoustics, speech and signal processing (ICASSP)},
  pages={4688--4691},
  year={2011},
  organization={IEEE}
}

@article{ferrucci2013watson,
  title={Watson: beyond jeopardy!},
  author={Ferrucci, David and Levas, Anthony and Bagchi, Sugato and Gondek, David and Mueller, Erik T},
  journal={Artificial Intelligence},
  volume={199},
  pages={93--105},
  year={2013},
  publisher={Elsevier}
}

@article{dilday2008measurement,
  title={A Measurement of the Rate of type Ia Supernovae at Redshift z≈ 0.1 from the First Season of the SDSS-II Supernova Survey},
  author={Dilday, Benjamin and Kessler, Richard and Frieman, Joshua A and Holtzman, Jon and Marriner, John and Miknaitis, Gajus and Nichol, Robert C and Romani, Roger and Sako, Masao and Bassett, Bruce and others},
  journal={The Astrophysical Journal},
  volume={682},
  number={1},
  pages={262},
  year={2008},
  publisher={IOP Publishing}
}

@article{kessler2015difference,
  title={The Difference Imaging Pipeline for the Transient Search in the Dark Energy Survey},
  author={Kessler, R and Marriner, J and Childress, M and Covarrubias, R and D’Andrea, CB and Finley, DA and Fischer, J and Foley, RJ and Goldstein, D and Gupta, RR and others},
  journal={The Astronomical Journal},
  volume={150},
  number={6},
  pages={172},
  year={2015},
  publisher={IOP Publishing}
}

@book{jolliffe2002principal,
  title={Principal component analysis},
  author={Jolliffe, Ian},
  year={2002},
  publisher={Wiley Online Library}
}

@inproceedings{romano2006supernova,
  title={Supernova recognition using support vector machines},
  author={Romano, Raquel A and Aragon, Cecilia R and Ding, Chris},
  booktitle={2006 5th International Conference on Machine Learning and Applications (ICMLA'06)},
  pages={77--82},
  year={2006},
  organization={IEEE}
}

@article{bailey2007find,
  title={How to find more supernovae with less work: Object classification techniques for difference imaging},
  author={Bailey, Stephen and Aragon, Cecilia and Romano, Raquel and Thomas, Rollin C and Weaver, Benjamin A and Wong, Daniel},
  journal={The Astrophysical Journal},
  volume={665},
  number={2},
  pages={1246},
  year={2007},
  publisher={IOP Publishing}
}

@article{frieman2007sloan,
  title={The sloan digital sky survey-II supernova survey: Technical summary},
  author={Frieman, Joshua A and Bassett, Bruce and Becker, Andrew and Choi, Changsu and Cinabro, David and DeJongh, Fritz and Depoy, Darren L and Dilday, Ben and Doi, Mamoru and Garnavich, Peter M and others},
  journal={The Astronomical Journal},
  volume={135},
  number={1},
  pages={338},
  year={2007},
  publisher={IOP Publishing}
}

@article{du2014machine,
  title={Machine Classification of Transient Images},
  author={du Buisson, Lise and Sivanandam, Navin and Bassett, Bruce A and Smith, Mathew},
  journal={Proceedings of the International Astronomical Union},
  volume={10},
  number={S306},
  pages={288--291},
  year={2014},
  publisher={Cambridge Univ Press}
}


@article{baade1938photographic,
  title={Photographic Light-Curves of the Two Supernovae in IC 4182 and NGC 1003.},
  author={Baade, W and Zwicky, F},
  journal={The Astrophysical Journal},
  volume={88},
  pages={411},
  year={1938}
}

@article{branch1992type,
  title={Type Ia supernovae as standard candles},
  author={Branch, David and Tammann, GA},
  journal={Annual review of astronomy and astrophysics},
  volume={30},
  pages={359--389},
  year={1992}
}

@article{abazajian2009seventh,
  title={The seventh data release of the Sloan Digital Sky Survey},
  author={Abazajian, Kevork N and Adelman-McCarthy, Jennifer K and Ag{\"u}eros, Marcel A and Allam, Sahar S and Prieto, Carlos Allende and An, Deokkeun and Anderson, Kurt SJ and Anderson, Scott F and Annis, James and Bahcall, Neta A and others},
  journal={The Astrophysical Journal Supplement Series},
  volume={182},
  number={2},
  pages={543},
  year={2009},
  publisher={IOP Publishing}
}

@article{adelman2008sixth,
  title={The sixth data release of the sloan digital sky survey},
  author={Adelman-McCarthy, Jennifer K and Ag{\"u}eros, Marcel A and Allam, Sahar S and Prieto, Carlos Allende and Anderson, Kurt SJ and Anderson, Scott F and Annis, James and Bahcall, Neta A and Bailer-Jones, CAL and Baldry, Ivan K and others},
  journal={The Astrophysical Journal Supplement Series},
  volume={175},
  number={2},
  pages={297},
  year={2008},
  publisher={IOP Publishing}
}

@article{abell2009lsst,
  title={LSST Science Book, Version 2.0},
  author={Abell, Paul A and Allison, Julius and Anderson, Scott F and Andrew, John R and Angel, J Roger P and Armus, Lee and Arnett, David and Asztalos, SJ and Axelrod, Tim S and Bailey, Stephen and others},
  journal={arXiv preprint arXiv:0912.0201},
  year={2009}
}

@article{kingma2014adam,
  title={Adam: A method for stochastic optimization},
  author={Kingma, Diederik and Ba, Jimmy},
  journal={arXiv preprint arXiv:1412.6980},
  year={2014}
}

@article{mickaelian2015astronomical,
  title={Astronomical Surveys and Big Data},
  author={Mickaelian, Areg M},
  journal={arXiv preprint arXiv:1511.07322},
  year={2015}
}

@article{borne2007machine,
  title={A machine learning classification broker for petascale mining of large-scale astronomy sky survey databases},
  author={Borne, Kirk D},
  journal={Next generation of data mining and cyber-enabled discovery for innovation (NGDM07)},
  year={2007}
}

@inproceedings{kantor2005lsst,
  title={The LSST Data Management System},
  author={Kantor, J and Axelrod, T and others},
  booktitle={Bulletin of the American Astronomical Society},
  volume={37},
  pages={1206},
  year={2005}
}

@article{zeiler2012adadelta,
  title={ADADELTA: an adaptive learning rate method},
  author={Zeiler, Matthew D},
  journal={arXiv preprint arXiv:1212.5701},
  year={2012}
}

@inproceedings{nesterov1983method,
  title={A method of solving a convex programming problem with convergence rate O (1/k2)},
  author={Nesterov, Yurii},
  booktitle={Soviet Mathematics Doklady},
  volume={27},
  number={2},
  pages={372--376},
  year={1983}
}

@article{duchi2011adaptive,
  title={Adaptive subgradient methods for online learning and stochastic optimization},
  author={Duchi, John and Hazan, Elad and Singer, Yoram},
  journal={Journal of Machine Learning Research},
  volume={12},
  number={Jul},
  pages={2121--2159},
  year={2011}
}

@article{werbos1990backpropagation,
  title={Backpropagation through time: what it does and how to do it},
  author={Werbos, Paul J},
  journal={Proceedings of the IEEE},
  volume={78},
  number={10},
  pages={1550--1560},
  year={1990},
  publisher={IEEE}
}